@online{Website do Amnesia,
    author    = "Paulo SÃ©rgio Lopes de Souza e Sarita Mazzini Bruschi",
    title     = "Amnesia | Memory Hierachy Simulator",
    url       = "http://amnesia.lasdpc.icmc.usp.br/amnesia-en/",
    addendum = "(accessed: 30.03.2020)",
    keywords  = "Amnesia"
}